@ARTICLE{2006ApJ...639L..21Z,
   author = {{Zucker}, S. and {Alexander}, T. and {Gillessen}, S. and {Eisenhauer}, F. and 
	{Genzel}, R.},
    title = "{Probing Post-Newtonian Physics near the Galactic Black Hole with Stellar Redshift Measurements}",
  journal = {\apjl},
   eprint = {astro-ph/0509105},
 keywords = {Black Hole Physics, Galaxy: Center, Gravitation, Infrared: Stars, Relativity, Techniques: Radial Velocities},
     year = 2006,
    month = mar,
   volume = 639,
    pages = {L21-L24},
      doi = {10.1086/501436},
   adsurl = {http://adsabs.harvard.edu/abs/2006ApJ...639L..21Z},
  adsnote = {Provided by the SAO/NASA Astrophysics Data System}
}

@article{arguelles_novel_2018,
	title = {Novel constraints on fermionic dark matter from galactic observables {I}: {The} {Milky} {Way}},
	volume = {21},
	issn = {2212-6864},
	shorttitle = {Novel constraints on fermionic dark matter from galactic observables {I}},
	url = {http://www.sciencedirect.com/science/article/pii/S2212686418300815},
	doi = {10.1016/j.dark.2018.07.002},
	urldate = {2018-07-21},
	journal = {Physics of the Dark Universe},
	author = {Arg√ºelles, C. R. and Krut, A. and Rueda, J. A. and Ruffini, R.},
	month = sep,
	year = {2018},
	keywords = {Cosmology: dark matter, Galaxies: halos, nuclei, structure, Methods: numerical},
	pages = {82--89},
	archivePrefix = "arXiv",
	eprint = {1707.08280},
}

@ARTICLE{2018A&A...615L..15G,
   author = {{Gravity Collaboration} and {Abuter}, R. and {Amorim}, A. and 
	{Anugu}, N. and {Baub{\"o}ck}, M. and {Benisty}, M. and {Berger}, J.~P. and 
	{Blind}, N. and {Bonnet}, H. and {Brandner}, W. and {Buron}, A. and 
	{Collin}, C. and {Chapron}, F. and {Cl{\'e}net}, Y. and {Coud{\'e} Du Foresto}, V. and 
	{de Zeeuw}, P.~T. and {Deen}, C. and {Delplancke-Str{\"o}bele}, F. and 
	{Dembet}, R. and {Dexter}, J. and {Duvert}, G. and {Eckart}, A. and 
	{Eisenhauer}, F. and {Finger}, G. and {F{\"o}rster Schreiber}, N.~M. and 
	{F{\'e}dou}, P. and {Garcia}, P. and {Garcia Lopez}, R. and 
	{Gao}, F. and {Gendron}, E. and {Genzel}, R. and {Gillessen}, S. and 
	{Gordo}, P. and {Habibi}, M. and {Haubois}, X. and {Haug}, M. and 
	{Hau{\ss}mann}, F. and {Henning}, T. and {Hippler}, S. and {Horrobin}, M. and 
	{Hubert}, Z. and {Hubin}, N. and {Jimenez Rosales}, A. and {Jochum}, L. and 
	{Jocou}, K. and {Kaufer}, A. and {Kellner}, S. and {Kendrew}, S. and 
	{Kervella}, P. and {Kok}, Y. and {Kulas}, M. and {Lacour}, S. and 
	{Lapeyr{\`e}re}, V. and {Lazareff}, B. and {Le Bouquin}, J.-B. and 
	{L{\'e}na}, P. and {Lippa}, M. and {Lenzen}, R. and {M{\'e}rand}, A. and 
	{M{\"u}ler}, E. and {Neumann}, U. and {Ott}, T. and {Palanca}, L. and 
	{Paumard}, T. and {Pasquini}, L. and {Perraut}, K. and {Perrin}, G. and 
	{Pfuhl}, O. and {Plewa}, P.~M. and {Rabien}, S. and {Ram{\'{\i}}rez}, A. and 
	{Ramos}, J. and {Rau}, C. and {Rodr{\'{\i}}guez-Coira}, G. and 
	{Rohloff}, R.-R. and {Rousset}, G. and {Sanchez-Bermudez}, J. and 
	{Scheithauer}, S. and {Sch{\"o}ller}, M. and {Schuler}, N. and 
	{Spyromilio}, J. and {Straub}, O. and {Straubmeier}, C. and 
	{Sturm}, E. and {Tacconi}, L.~J. and {Tristram}, K.~R.~W. and 
	{Vincent}, F. and {von Fellenberg}, S. and {Wank}, I. and {Waisberg}, I. and 
	{Widmann}, F. and {Wieprecht}, E. and {Wiest}, M. and {Wiezorrek}, E. and 
	{Woillez}, J. and {Yazici}, S. and {Ziegler}, D. and {Zins}, G.
	},
    title = "{Detection of the gravitational redshift in the orbit of the star S2 near the Galactic centre massive black hole}",
  journal = {\aap},
archivePrefix = "arXiv",
   eprint = {1807.09409},
 keywords = {Galaxy: center, gravitation, black hole physics},
     year = 2018,
    month = jul,
   volume = 615,
      eid = {L15},
    pages = {L15},
      doi = {10.1051/0004-6361/201833718},
   adsurl = {http://adsabs.harvard.edu/abs/2018A%26A...615L..15G},
  adsnote = {Provided by the SAO/NASA Astrophysics Data System}
}